<?xml version="1.0" encoding="UTF-8"?><collection xmlns="http://www.loc.gov/MARC21/slim"><record><leader>00554nam--2200181-i-4500</leader><controlfield tag="001">000020171</controlfield><controlfield tag="002">20161230</controlfield><controlfield tag="005">20161230201033</controlfield><controlfield tag="008">060222s1000------------r-----000-0-fre-d</controlfield><datafield ind1=" " ind2=" " tag="040"><subfield code="a">IFIN-HH</subfield></datafield><datafield ind1=" " ind2=" " tag="041"><subfield code="a">fre</subfield></datafield><datafield ind1=" " ind2=" " tag="080"><subfield code="a">535.4:681.785.57(043)</subfield></datafield><datafield ind1="1" ind2=" " tag="100"><subfield code="a">El Sherif, Mostafa</subfield></datafield><datafield ind1="1" ind2="0" tag="245"><subfield code="a">Restitution de l'amplitude complexe par interferometrie a modulation de phase; application a la microscopie</subfield><subfield code="b">These</subfield><subfield code="c">Mostafa el sherif</subfield></datafield><datafield ind1=" " ind2=" " tag="260"><subfield code="a">Orsay</subfield><subfield code="b">Universite De Paris-sud</subfield><subfield code="c">1980</subfield></datafield><datafield ind1=" " ind2=" " tag="300"><subfield code="a">55p</subfield></datafield><datafield ind1=" " ind2=" " tag="852"><subfield code="a">75736</subfield><subfield code="c">535</subfield></datafield><datafield ind1=" " ind2=" " tag="CAT"><subfield code="a">Sys</subfield><subfield code="c">20110126</subfield><subfield code="h">132534</subfield></datafield></record></collection>